<?xml version="1.0" encoding="UTF-8"?><record xmlns="http://www.loc.gov/MARC21/slim" xmlns:cinclude="http://apache.org/cocoon/include/1.0" xmlns:zs="http://www.loc.gov/zing/srw/">
  <leader>00465cz  a2200145n  4500</leader>
  <controlfield tag="001">n 2008002872</controlfield>
  <controlfield tag="003">DLC</controlfield>
  <controlfield tag="005">20080115142739.0</controlfield>
  <controlfield tag="008">080114n| acannaabn          |a aaa      </controlfield>
  <datafield tag="010" ind1=" " ind2=" ">
    <subfield code="a">n 2008002872</subfield>
  </datafield>
  <datafield tag="040" ind1=" " ind2=" ">
    <subfield code="a">DLC</subfield>
    <subfield code="b">eng</subfield>
    <subfield code="c">DLC</subfield>
  </datafield>
  <datafield tag="053" ind1=" " ind2="0">
    <subfield code="a">PG1620.14.I553</subfield>
  </datafield>
  <datafield tag="100" ind1="1" ind2=" ">
    <subfield code="a">Diklić, Gabrijela,</subfield>
    <subfield code="d">1948-</subfield>
  </datafield>
  <datafield tag="400" ind1="1" ind2=" ">
    <subfield code="a">Kopunović, Gabrijela,</subfield>
    <subfield code="d">1948-</subfield>
  </datafield>
  <datafield tag="670" ind1=" " ind2=" ">
    <subfield code="a">Diklić, Gabrijela. Meni salaš bili fali, 2005:</subfield>
    <subfield code="b">t.p. (Gabrijela Diklić) cover flap (b. Kopunović Oct. 2, 1948)</subfield>
  </datafield>
</record>